2116 2941
892 153 1092 184 „7„,

99 260 259 291 similos-vu
288 259 517 299 explicationes
542 258 632 288 hodio
654 259 746 288 etium
771 262 799 287 et
823 259 851 288 in
870 258 999 288 aliarum
1024 257 1251 295 tragoediarum
1285 257 1411 287 scholiis
1441 262 1470 287 et
1499 258 1528 287 in
1560 257 1669 286 lexicis
1703 259 1858 295 prostant:

103 320 152 354 cf..
175 323 208 350 ut
239 319 268 349 in
295 329 358 349 uno
382 329 439 349 nos
463 319 696 353 contineamus,
718 318 811 347 schol.
839 318 910 352 311,
934 319 1005 349 llil.
1030 317 1099 349 711,
1127 317 1185 346 m·
1209 327 1280 347 cum
1309 316 1467 356 llesychio
1496 328 1519 346 s.
1551 327 1577 346 v.
1610 316 1706 348 πέλ-π,
1737 313 1861 355 ἄμυστις

98 378 229 421 ὖπαφρος
251 374 427 420 μυχθισμὸς.
473 378 574 418 ρυΙῑιιυ
591 378 758 418 descriptio
775 378 902 407 totidem
928 376 1030 407 verbis
1052 377 1202 416 repetitur
1223 377 1260 406 ad
1284 376 1396 407 Alcest.
1415 379 1486 409 ⁴9⁸,
1509 381 1538 405 et
1556 386 1593 406 ex
1616 375 1860 415 Harpocration<-

99 449 122 469 s.
147 449 175 468 v.
201 438 368 480 τετρκρχίκ,
392 447 486 479 quom
512 437 693 468 Dindortius
717 438 754 468 ad
780 436 920 467 Rhesum
943 437 1117 477 adscripsit.
1141 436 1220 467 ultro
1243 438 1450 478 consequitur
1474 438 1502 467 in
1529 436 1623 466 schol.
1650 436 1763 466 Alce-st.
1785 435 1858 464 11:34

101 499 269 529 Aristarchi
301 508 415 528 nomen
448 507 487 528 ex
518 497 684 528 Aristotele
717 507 787 527 esso
819 500 1009 537 corruptum.
1058 497 1206 527 nolumus
1236 498 1419 527 commorari
1451 498 1481 527 in
1512 507 1544 527 re
1571 499 1693 537 aperta:
1725 496 1860 526 intrusus

99 562 202 589 mntem
230 558 352 599 glossas
381 568 452 588 esse
482 568 498 587 a
524 567 620 588 manu
651 567 712 588 non
738 558 833 587 nimis
856 557 1000 597 prudenti
1026 558 1056 587 in
1081 558 1340 587 commentarium
1369 557 1554 587 Vaticanum
1580 566 1642 587 uno
1673 555 1726 586 sed
1751 554 1860 585 eodem

101 619 354 651 luculentissimo
384 617 594 658 conprobatur
621 618 810 648 testimonio.
859 618 889 647 in
920 617 1037 647 scholio
1068 617 1152 647 enim
1181 618 1219 645 :36
1248 620 1413 657 postquam
1447 627 1484 647 ex
1508 617 1680 647 enchiridio
1708 615 1861 654 mytholo-

98 680 178 719 giro,
211 678 295 719 quod
322 679 422 719 primo
455 688 482 718 p.
522 679 590 708 t'hr.
625 678 749 708 sam-ulo
782 679 842 708 iam
875 679 905 708 in
938 687 996 707 usu
1026 677 1123 708 fuisse
1155 677 1360 707 demmistrari
1396 681 1513 718 potest,
1555 677 1658 707 variae
1701 686 1782 716 qnae
1822 674 1860 705 ικ-

100 738 195 770 Panis
218 739 314 779 stirpe
339 739 464 769 fuerunt
493 738 615 769 fabulae
639 741 779 769 narratae
803 741 876 768 sunt
903 738 992 778 sequi
1021 737 1152 767 debebat
1171 737 1350 778 Apollodori
1375 737 1413 767 de
1440 736 1554 767 Panic-o
1573 741 1687 767 terrore
1711 735 1860 767 doctrina.

101 809 181 840 quae
205 808 244 829 ox
269 798 378 829 eodem
403 798 574 829 euchiridio
605 798 664 829 huc
687 798 828 829 devenit:
861 802 890 828 at
921 798 1111 828 dirimuntur
1134 800 1238 837 partes
1267 797 1547 827 coniunctissimam·
1580 796 1655 826 exili
1687 795 1858 825 eorundem

102 858 287 890 Punicorum
325 858 536 899 explicatione
567 869 648 899 quae
686 858 855 889 simillimis
891 857 995 888 verbis
1035 857 1252 897 conprehensa
1285 858 1378 887 etiam
1412 858 1442 887 in
1476 855 1685 886 Laurentiano
1713 858 1860 895 conparet

100 923 141 959 (p.
167 919 217 958 23,
249 919 387 957 6--11).
444 928 666 949 semovoamus
692 919 786 959 igitur
818 922 913 949 totam
948 918 1026 947 hane
1059 917 1249 947 scholiorum
1279 917 1412 947 classem
1449 917 1543 946 variis
1576 914 1770 955 temporibus
1807 923 1862 954 per

102 978 204 1009 vsu-ias
235 988 348 1009 manus
382 979 512 1019 antiquo
552 979 776 1008 commentario
814 978 952 1008 inlatam.
1006 977 1230 1017 perscribimus
1266 976 1455 1007 scholiorum
1496 985 1576 1016 quae
1608 975 1668 1005 huc
1700 973 1861 1005 reserenda

100 1038 246 1069 ducimus
275 1038 417 1068 omnium
449 1047 615 1071 numeros.
649 1039 680 1068 in
711 1038 758 1068 eis
794 1047 928 1078 qiiorum
959 1038 1089 1077 vestigia
1121 1038 1151 1067 in
1185 1036 1394 1067 Laurentiano
1427 1035 1513 1066 nulla
1546 1039 1620 1065 sunt
1655 1034 1862 1065 similitudine

100 1097 201 1129 ducti:
231 1098 260 1137 2,
284 1098 333 1131 33
365 1098 404 1127 36
425 1100 464 1138 (p.
488 1098 546 1133 23,
580 1098 710 1135 6—11),
743 1099 792 1133 58,
821 1098 870 1130 (is,
897 1097 952 1127 177
977 1101 1090 1138 (usque
1114 1097 1150 1127 ad
1173 1098 1274 1126 ἔλυσεν
1296 1094 1451 1133 ἀποίνων),
1482 1095 1560 1128 207,
1583 1095 1662 1130 274,
1685 1095 1762 1129 282,
1791 1094 1862 1129 311,

101 1158 172 1198 322,
195 1158 254 1188 3?ss
278 1154 462 1200 (πεδαίρων),
492 1159 570 1193 419,
593 1158 672 1193 430,
696 1158 772 1190 4⁴0,
798 1158 877 1190 442,
900 1158 976 1192 4415,
1005 1157 1085 1189 469,
1102 1156 1184 1197 ἱ711.
1209 1157 1285 1188 724,
1308 1156 1385 1188 741.
1411 1155 1480 1187 7235.
1515 1155 1584 1190 789,
1607 1154 1678 1187 817.
1700 1154 1772 1187 825,
1788 1154 1859 1184 855.

105 1217 218 1258 quodsi
241 1218 292 1248 cui
313 1218 344 1248 in
366 1218 412 1248 eis
435 1217 474 1248 de
498 1217 614 1258 quibus
638 1220 721 1247 celto
743 1217 803 1247 ‹liei
831 1217 906 1247 nihil
932 1220 1033 1257 potest
1055 1217 1144 1247 aliter
1169 1216 1305 1247 iudicare
1336 1215 1470 1246 libuerit.
1488 1224 1545 1245 nos
1569 1215 1741 1255 quominus
1764 1223 1801 1243 ea
1824 1212 1861 1243 ad

102 1277 229 1308 alteram
252 1277 385 1308 classem
408 1277 519 1308 referat
543 1287 603 1307 non
628 1276 847 1317 prohibemus:
873 1286 976 1317 neque
999 1277 1082 1307 enim
1108 1276 1280 1317 quidquam
1307 1275 1344 1306 ad
1369 1285 1523 1305 summam
1545 1275 1590 1305 rei
1611 1275 1691 1304 i'aeit.

270 1337 408 1367 Alterius
431 1337 542 1367 classis
567 1347 716 1367 numeros
740 1346 802 1367 non
827 1340 1003 1368 enotamus.
1034 1336 1290 1377 quandoquidem
1316 1340 1437 1376 praeter
1460 1335 1577 1365 scholia
1602 1335 1663 1364 iam
1688 1333 1863 1374 significata

100 1400 131 1427 et
152 1397 274 1428 tertiam
296 1397 334 1427 de
359 1407 420 1438 qua
444 1397 632 1437 explicatius
661 1396 803 1427 dicemus
833 1396 963 1426 classem
993 1399 1055 1426 tota
1083 1396 1272 1426 scholiorum
1298 1396 1396 1425 moles
1427 1396 1483 1426 uni
1510 1395 1628 1425 homini
1657 1392 1862 1424 adscribenda

101 1460 159 1494 est,
190 1466 284 1497 quem
321 1457 553 1497 paraphrastam
586 1466 698 1487 vocare
726 1456 806 1486 licet.
853 1456 941 1486 facile
969 1460 1032 1486 erat
1062 1460 1133 1496 post
1165 1456 1447 1486 luculentissimam
1474 1455 1594 1486 Lehrsii
1617 1454 1862 1494 disputationem

101 1525 174 1547 cum
197 1517 229 1547 in
261 1519 432 1547 ceterarum
459 1516 690 1557 tragoediarum
722 1516 848 1546 scholiis
868 1519 934 1546 tum
962 1517 992 1546 in
1025 1514 1129 1546 Rheso
1162 1516 1366 1556 paraphrasin
1397 1515 1631 1556 deprehemlere
1655 1514 1864 1551 manifestam,

101 1579 195 1617 atque
208 1576 379 1616 plurimum
395 1575 534 1606 utilitatis
547 1586 587 1606 ex
605 1576 661 1606 hac
681 1577 860 1617 cognitione
876 1580 1058 1616 perceptum
1078 1576 1113 1606 iri
1130 1575 1329 1608 confidimus.
1355 1575 1446 1605 modo
1465 1575 1578 1615 nequis
1595 1573 1864 1614 perniciosissimo

102 1637 208 1667 onmia
231 1636 268 1667 ad
304 1636 435 1666 eandem
466 1637 619 1667 amussim
649 1636 798 1677 exigendi
823 1636 927 1667 studio
951 1636 1105 1677 quidquid
1134 1636 1172 1666 de
1194 1637 1289 1665 unius
1317 1635 1495 1675 tragoediae
1522 1634 1649 1665 scholiis
1665 1633 1862 1674 exploratum

102 1701 150 1727 est
171 1697 210 1728 ad
236 1706 347 1727 omnes
370 1699 436 1726 tuto
453 1696 612 1726 transferri
636 1706 730 1737 posse
752 1697 906 1736 opinetur.
953 1696 990 1726 de
1015 1695 1162 1726 omnibus
1187 1705 1259 1725 vero
1285 1696 1390 1735 negari
1408 1695 1565 1725 tutissime
1583 1698 1694 1734 potest.
1720 1694 1864 1724 extitisse

103 1766 254 1797 umquam
298 1757 450 1797 integram
491 1756 540 1786 vel
577 1757 607 1786 in
651 1756 726 1786 solis
769 1757 900 1787 canticis
936 1756 1139 1796 paraphrasin
1179 1755 1288 1796 quales
1324 1754 1454 1786 Homeri
1485 1754 1611 1784 Pindari
1648 1753 1863 1794 Lycophronis

102 1819 219 1847 extant.
265 1826 338 1846 nam
356 1825 426 1846 eam
446 1815 596 1847 Hecubae
629 1817 917 1856 interpretationem
947 1825 1041 1856 quam
1065 1826 1082 1846 e
1111 1815 1356 1854 Guelterhytano
1378 1815 1484 1845 codiee
1507 1813 1689 1844 Dindorfius
1712 1813 1864 1853 protraxit

103 1879 134 1907 et
156 1876 183 1906 si
207 1885 288 1916 quae
317 1875 436 1906 similes
454 1878 529 1906 sunt
551 1875 748 1916 Moschopuli
773 1874 911 1906 Thomae
933 1875 1072 1906 Triclinii
1095 1875 1218 1913 sordes,
1242 1884 1445 1916 nequaquam
1470 1875 1500 1904 in
1524 1874 1729 1914 legendorum
1753 1873 1808 1904 sed
1831 1874 1863 1903 in

103 1933 377 1966 conburendorum
402 1934 552 1966 librorum
583 1945 716 1966 numero
740 1934 909 1973 habemus,
943 1935 1200 1976 quandoquidem
1235 1935 1313 1965 disci
1346 1934 1384 1965 ab
1408 1935 1475 1965 istis
1511 1934 1620 1964 effetae
1643 1933 1864 1964 Constantino-

103 1995 184 2036 polis
207 1995 392 2035 magistellis
419 1995 498 2025 nihil
521 1998 638 2035 potest,
661 2005 733 2025 cum
757 2005 796 2025 ne
828 1995 1011 2025 melioribus
1040 1995 1168 2036 quidem
1198 1998 1339 2025 votorum
1365 1994 1555 2025 scholiorum
1584 1993 1746 2024 codicibus
1768 2003 1861 2034 quam

105 2054 216 2096 quales
239 2054 332 2085 hodic
354 2056 463 2085 extant
484 2055 534 2084 usi
557 2064 628 2085 esse
646 2054 817 2085 rideantur.
865 2055 970 2095 itaque
985 2055 1209 2095 grammaticus
1225 2055 1276 2085 eui
1300 2054 1427 2084 inutiles
1451 2053 1520 2084 libri
1537 2054 1715 2084 necessario
1738 2053 1863 2094 legendi

105 2117 179 2145 sunt
200 2114 328 2154 plurimi
352 2124 369 2144 a
391 2114 492 2144 taedio
518 2115 577 2144 isto
610 2114 704 2154 plane
724 2123 960 2154 supervacaneo
985 2114 1167 2153 abstinebit,
1198 2115 1259 2145 nisi
1282 2118 1364 2144 recte
1389 2114 1520 2144 refertur
1541 2115 1621 2144 inter
1642 2113 1758 2144 bestias
1782 2122 1864 2154 quae

104 2173 235 2214 pulvere
259 2174 344 2204 vesci
364 2173 512 2214 gaudent.

272 2232 370 2264 Rhesi
392 2233 594 2274 paraplirasta
617 2237 709 2264 vetus
732 2243 773 2265 ex
793 2235 840 2264 eis
864 2233 988 2264 dicendi
1010 2233 1152 2264 formulis
1175 2233 1291 2274 quibus
1315 2233 1467 2274 distingui
1490 2234 1697 2274 paraphrases
1713 2232 1864 2263 Lehrsius

105 2293 254 2333 exposuit
273 2292 396 2323 duabus
421 2294 519 2324 utitur
543 2303 638 2334 saepe
661 2293 746 2334 φησίν
769 2296 799 2324 et
820 2290 857 2323 τὸ
881 2289 955 2330 ἑξῆς,
979 2294 1077 2324 semel
1105 2291 1136 2322 τὸ
1161 2289 1227 2329 ἑξῆς
1249 2295 1303 2323 τοῦ
1326 2295 1385 2330 νοῦ,
1408 2294 1506 2324 semel
1530 2292 1545 2323 ὃ
1568 2289 1603 2323 δὲ
1623 2292 1706 2334 λέγει
1727 2288 1864 2322 τοιοῦτὸν

105 2352 198 2382 ἐστινε
218 2362 395 2394 numquam
417 2354 580 2383 invenitur
601 2350 616 2383 ὁ
640 2355 713 2391 νοῦς,
736 2350 751 2383 ὁ
774 2349 865 2395 λόγος
886 2353 1004 2384 nedum
1027 2350 1044 2386 ἦ
1069 2349 1211 2388 σύνταξις.
1257 2354 1265 2383 i
1289 2363 1374 2384 nunc
1396 2358 1426 2384 et
1446 2362 1581 2393 conpara
1599 2354 1630 2383 in
1654 2352 1765 2383 eodem
1786 2351 1864 2382 libro

106 2415 227 2443 servata
249 2411 405 2443 Troadum
426 2413 560 2443 scholia:
585 2413 748 2454 intelleges
771 2423 828 2444 cur
848 2413 887 2443 (le
911 2411 1015 2443 Rheso
1033 2413 1126 2443 verba
1142 2414 1293 2444 faciamus
1313 2413 1390 2445 sola.
1414 2423 1486 2443 nam
1513 2422 1552 2443 ne
1576 2413 1605 2443 hi
1629 2412 1757 2453 quidem
1782 2421 1866 2442 com·

106 2473 249 2502 mentarii
273 2481 313 2503 ex
338 2472 448 2503 eodem
470 2473 556 2503 fonte
579 2477 813 2513 promanarunt.
860 2471 957 2503 Rhesi
982 2473 1077 2513 igitur
1099 2473 1345 2513 paraphrastam.
1368 2474 1449 2503 sieut
1471 2472 1508 2502 de
1530 2472 1599 2502 aliis
1622 2476 1752 2503 constat.
1775 2481 1863 2512 prae-

105 2534 287 2572 tereaquam
313 2532 398 2572 quod
422 2536 533 2572 poetae
563 2533 735 2563 orationem
762 2532 890 2563 totidem
919 2531 1105 2573 vulgaribus
1128 2532 1234 2563 verbis
1262 2532 1411 2563 reddebat
1441 2532 1600 2563 addidisse
1622 2532 1865 2562 constructionis

107 2592 175 2622 sive
198 2591 369 2632 perplexae
392 2593 460 2623 sive
483 2591 650 2632 ambiguae
666 2593 894 2632 explicationes
917 2595 948 2623 et
970 2592 1074 2633 siquid
1096 2592 1192 2626 aliud,
1215 2592 1313 2622 veluti
1336 2602 1541 2632 personarum
1567 2601 1647 2632 quae
1668 2591 1864 2622 inducuntur
