2116 2941
358 433 970 502 VNlVERSl'l‘ATIS
1036 431 1555 498 LITTERARIAE

554 554 596 619 G
611 552 806 619 Rl'l'll
824 551 1349 617 [SWALlfflNSIS

489 801 966 856 CAROLVS
1041 799 1426 853 HVETER

605 1002 901 1057 CONGILIO
940 1001 1308 1055 AOADEMIGO

709 1204 795 1234 Clx'l
810 1203 887 1234 BVS
912 1201 1202 1234 AGADEMIffls.

248 1467 294 1498 De
331 1467 520 1497 scholiorum
559 1466 801 1506 Euripideorum
839 1466 960 1505 origine
997 1467 1027 1494 et
1064 1465 1245 1495 auctoritate
1283 1463 1360 1494 nihil
1399 1463 1492 1503 plane
1530 1462 1728 1502 exploratum
1768 1471 1839 1492 esse

82 1527 118 1558 K.
152 1527 315 1560 Lehrsius,
343 1527 551 1567 gravissimus
579 1527 609 1556 iu
641 1526 692 1556 tali
725 1536 818 1556 eausa
849 1525 942 1555 iudex
978 1534 1078 1564 nuper
1109 1525 1324 1564 pronuntiavit
1362 1523 1410 1560 (de
1438 1522 1562 1553 Pindari
1590 1522 1684 1552 schol.
1717 1531 1747 1562 p.
1780 1521 1838 1558 79).

83 1598 187 1628 neque
219 1587 342 1617 videtur
373 1586 463 1617 nobis
494 1587 532 1617 de
564 1587 761 1616 tristissimae
788 1586 962 1615 sententiae
995 1585 1123 1615 veritate
1153 1583 1287 1614 multum
1318 1583 1435 1613 detrahi
1469 1591 1578 1622 posse.
1607 1581 1730 1612 etiamsi
1755 1582 1840 1611 omni

84 1648 173 1679 laude
202 1647 257 1677 Tli.
282 1646 487 1677 Bartlioldum
517 1647 640 1686 privare
671 1646 835 1679 uolumus,
866 1646 919 1685 qui
951 1645 1169 1674 dissertatione
1197 1643 1232 1671 ule
1257 1642 1430 1671 »ϊΙιυΙίωι-ιιηι
1455 1643 1482 1670 in
1510 1641 1692 1680 lim-ipidmu
1717 1646 1840 1669 ram-nm

76 1708 210 1749 siuntilnus
241 1707 371 1737 Bonuae
398 1707 474 1736 1864
507 1706 588 1736 edita
613 1715 755 1736 summos
780 1706 810 1735 in
833 1704 1029 1744 philosophia
1054 1704 1187 1733 honores
1209 1702 1352 1732 obtinuit.
1399 1701 1545 1732 laudabili
1568 1702 1653 1731 enim
1678 1701 1840 1741 diligentia

82 1769 353 1807 grammatieorum
375 1766 537 1806 relliquias
561 1765 738 1795 inlustravit
761 1774 893 1805 quormn
919 1764 1067 1794 memoria
1092 1763 1122 1793 in
1145 1772 1252 1792 eorum
1271 1772 1352 1803 quae
1370 1760 1460 1792 nobis
1476 1765 1599 1791 servata
1616 1763 1691 1790 sunt
1709 1760 1842 1790 scholio-

83 1837 152 1857 rum
183 1827 323 1857 ariditate.
352 1836 408 1866 per
434 1835 541 1856 casum
572 1835 632 1855 non
663 1825 787 1855 interiit.
834 1824 917 1864 quod
948 1833 1021 1853 vero
1052 1823 1213 1863 dispositis
1244 1832 1299 1862 per
1336 1822 1510 1852 stemmatis
1547 1820 1686 1851 flexuras
1723 1820 1842 1861 aliquot

84 1886 267 1917 nominibus
283 1896 428 1925 magnam
445 1895 510 1915 rem
534 1885 716 1920 confectam,
740 1884 863 1922 singula
881 1893 1025 1924 quaeque
1042 1883 1079 1913 ad
1097 1886 1239 1913 auctores
1256 1892 1331 1912 suos
1348 1886 1490 1912 revocata
1513 1890 1584 1911 esse
1600 1881 1750 1920 opinatus
1775 1884 1842 1910 est:

87 1947 159 1982 feeit
182 1947 238 1976 lioi·
263 1950 461 1986 praepostera
485 1944 612 1985 quidem
634 1944 689 1974 sed
713 1948 817 1974 tamen
840 1944 994 1984 frequenti
1018 1943 1136 1973 saeculi
1158 1942 1311 1972 facilitate.
1352 1942 1396 1972 sic
1412 1942 1496 1971 enim
1514 1941 1606 1971 hodie
1622 1941 1684 1971 itur
1698 1940 1736 1970 ad
1752 1944 1844 1970 astra.

88 2007 143 2047 qui
168 2006 273 2046 paullo
298 2006 470 2036 modestius
494 2005 532 2035 de
556 2006 602 2034 eis
625 2014 706 2045 quae
730 2004 802 2034 seiri
827 2006 960 2043 possunt
983 2004 1099 2033 sentire
1122 2002 1273 2032 didicerit.
1296 2001 1488 2041 paucissima
1511 1999 1696 2033 adfirmabit,
1719 2010 1737 2030 a
1760 1999 1846 2030 nulla

88 2076 120 2096 re
149 2076 223 2096 vero
251 2066 350 2105 magis
380 2066 475 2096 anxie
504 2064 627 2095 cavebit
659 2074 753 2105 quani
783 2063 820 2093 ab
851 2064 937 2093 inani
962 2062 1013 2093 illa
1035 2066 1191 2093 certorum
1215 2062 1380 2092 nominum
1403 2061 1595 2101 captatione,
1627 2060 1702 2090 san's
1725 2058 1846 2091 beatus,

89 2127 115 2156 si
147 2125 370 2166 pedetemptim
399 2124 596 2164 procedemlo
625 2133 681 2163 per
707 2124 794 2154 avios
822 2127 852 2153 et
884 2122 1020 2153 lubricos
1050 2131 1178 2162 campos
1202 2121 1346 2151 semitam
1369 2120 1495 2150 tandem
1517 2120 1677 2160 repperire
1700 2119 1844 2160 potuerit.

91 2195 184 2226 quani
208 2185 350 2214 semitam
377 2185 474 2214 sterni
499 2193 561 2214 non
584 2193 677 2224 posse
700 2184 762 2213 nisi
786 2183 903 2213 scholia
927 2182 1034 2212 eadem
1057 2182 1132 2212 artis
1149 2182 1314 2211 severitate
1331 2184 1360 2210 et
1375 2185 1579 2210 recensentur
1594 2183 1624 2210 et
1640 2178 1848 2210 emendantur

90 2248 183 2284 atque
205 2248 306 2274 cetera
329 2244 501 2274 litterarum
527 2246 740 2275 monumenta.
761 2253 822 2273 non
848 2252 940 2281 egere
963 2242 1120 2272 eredimus
1144 2241 1419 2271 demonstratione.
1461 2238 1614 2269 debemus
1637 2242 1741 2269 autem
1767 2239 1847 2268 sicut

94 2305 124 2334 iu
153 2303 261 2334 multis
289 2303 358 2334 aliis
383 2302 588 2343 scriptoribus
611 2304 652 2333 ita
675 2303 706 2332 in
732 2302 858 2332 scholiis
883 2301 1063 2342 Euripideis
1086 2300 1258 2331 industriae
1281 2300 1316 2330 G.
1342 2299 1496 2330 Dindorfii
1521 2298 1604 2339 quod
1627 2298 1747 2338 duplex
1770 2296 1846 2328 illud

92 2364 189 2394 eritiei
218 2372 345 2393 munus‘
363 2364 523 2402 suscipere
554 2372 744 2402 possumus:
778 2371 817 2392 ne
845 2365 912 2392 aeta
940 2370 1106 2401 ageremus
1130 2361 1213 2391 idem
1243 2359 1342 2390 editor
1364 2360 1432 2399 ipse
1457 2359 1586 2389 curavit„
1633 2357 1687 2388 sed
1712 2367 1752 2388 ne
1774 2366 1848 2387 con·

93 2423 293 2453 ferendorum
322 2423 450 2463 quidem
479 2422 623 2452 codicum
653 2421 754 2452 taedio
788 2421 994 2461 supersedere
1023 2424 1150 2460 propter
1181 2419 1418 2450 Dindorfianam
1449 2418 1620 2448 editionem
1650 2417 1732 2448 licet
1782 2426 1847 2447 non

95 2483 254 2523 loquimur
269 2483 307 2513 de
326 2483 486 2517 Vaticano,
509 2492 602 2522 quen]
620 2482 651 2512 iu
668 2482 794 2512 scholiis
811 2481 909 2512 multo
933 2480 1110 2511 adcuratius
1134 2489 1230 2520 quam
1253 2480 1285 2509 in
1302 2479 1381 2519 ipsis
1398 2478 1559 2518 Euripidis
1577 2476 1721 2508 versibus
1737 2480 1846 2507 notum

96 2552 167 2572 esse
191 2543 326 2572 seimus:
351 2542 510 2582 loquimur
526 2541 564 2571 de
582 2541 748 2580 Marciano,
771 2542 862 2572 euius
885 2550 965 2581 quae
989 2539 1083 2579 vulgo
1099 2539 1292 2570 conclamata
1314 2548 1385 2568 esse
1408 2538 1579 2568 ereduntur
1601 2536 1720 2568 scholia
1742 2537 1847 2567 omnia

99 2603 276 2642 recuperari
305 2611 399 2642 posse
429 2601 616 2632 confidimus
644 2602 737 2632 etiam
764 2602 834 2631 siue
863 2601 997 2631 venenis
1026 2603 1120 2640 (quae
1148 2599 1226 2629 nihil
1252 2603 1358 2630 tamen
1381 2601 1429 2628 est
1451 2608 1507 2629 cur
1531 2607 1595 2628 non
1621 2595 1847 2634 adhibeantur),

1610 2653 1638 2678 lt
